3163 5085
966 381 1311 447 sPEEcH
1356 386 1470 446 oF
1513 383 1947 448 CLAUDIUS
2583 403 2665 467 57

262 555 339 618 Vi
375 553 388 638 Ι
422 576 645 619 vennae
678 555 893 619 sodalis
931 557 1297 619 fidelissimus
1334 557 1647 637 omnisque
1675 557 1798 619 eius
1824 576 1994 619 casus
2021 574 2239 631 comes,
2266 566 2402 637 post
2436 549 2448 634 Ι
2483 575 2661 636 quam

262 659 417 717 varia
453 657 685 718 fortuna
720 668 963 717 exactus
1000 674 1136 716 cum
1174 657 1447 717 omnibus
1486 656 1723 735 reliquis
1762 655 2073 735 Caeliani!
2107 658 2391 717 exercitus
2432 656 2663 718 Etruria
2691 678 2754 715 πο

262 755 531 828 excessit,
572 765 836 815 montem
879 754 1145 816 Caelium
1185 754 1494 832 occupavit
1534 764 1593 814 et
1631 772 1668 813 a
1705 754 1853 815 duce
1894 772 2002 815 suo
2037 751 2052 836 Ι
2084 754 2288 816 Caelio
2313 755 2394 814 ita
2420 755 2660 833 appelli-

260 864 430 926 tatus,
480 863 822 933 mutatoque
870 853 1112 913 nomine
1166 850 1333 932 (nam
1382 851 1580 912 Tusce
1632 850 1936 914 Mastarna
1970 850 1984 934 Ι
2017 855 2069 912 ei
2117 870 2335 913 nomen
2385 856 2536 931 erat)
2582 853 2663 914 ita

262 950 585 1028 appellatus
619 961 724 1026 est,
764 962 829 1010 ut
865 949 1005 1023 dixi,
1041 959 1098 1011 et
1136 968 1382 1028 regnum
1421 967 1654 1009 summa
1689 968 1824 1011 cum
1867 951 1947 1011 rei
1983 946 1995 1032 Ι
2032 970 2089 1030 p.
2118 952 2357 1012 utilitate
2389 951 2658 1029 optinuit.

261 1045 496 1108 Deinde
531 1060 847 1127 postquam
887 1047 1171 1127 Tarquini
1213 1047 1462 1126 Superbi
1500 1066 1696 1108 mores
1734 1050 1795 1107 in
1831 1044 1845 1128 Ι
1877 1049 1980 1110 visi
2019 1049 2227 1109 civitati
2265 1061 2495 1109 nostrae
2530 1067 2662 1109 esse

262 1157 600 1224 coeperunt,
631 1165 750 1225 qua
790 1146 973 1224 ipsius
1012 1164 1124 1225 qua
1171 1147 1420 1207 filiorum
1461 1149 1596 1219 eins,
1637 1143 1649 1227 Ι
1683 1164 1895 1224 nempe
1936 1158 2267 1224 pertaesum
2306 1158 2395 1208 est
2435 1158 2661 1207 mentes
2690 1169 2752 1220 ²5

262 1246 443 1323 regni,
481 1256 541 1306 et
576 1245 653 1305 ad
691 1245 977 1318 consules,
1018 1263 1247 1305 annuos
1287 1247 1479 1322 magis
1511 1241 1523 1325 Ι
1558 1255 1757 1317 tratus,
1796 1245 2218 1306 administratio
2253 1247 2336 1306 rei
2376 1265 2436 1324 p.
2475 1257 2661 1307 trans-

260 1342 375 1404 lata
400 1355 500 1404 est.
542 1341 555 1424 Ι

344 1440 505 1514 Quid
554 1459 712 1501 nunc
753 1458 1213 1503 commemorem
1255 1440 1572 1501 dictaturae
1620 1440 1733 1502 hoc
1778 1441 1907 1519 ipso
1953 1442 2242 1502 consulari
2280 1443 2429 1520 impe
2464 1437 2475 1520 Ι
2511 1441 2659 1499 rium

262 1538 547 1598 valentius
575 1550 864 1616 repertum
892 1538 1049 1615 apud
1082 1538 1333 1598 maiores
1366 1549 1601 1599 nostros
1628 1557 1750 1617 quo
1778 1539 1838 1597 in
1865 1559 1934 1598 as
1967 1534 1978 1617 Ι
2015 1540 2340 1616 perioribus
2368 1539 2533 1600 bellis
2560 1549 2662 1597 aut

259 1636 321 1695 in
364 1636 516 1695 civili
571 1647 737 1696 motu
790 1635 1109 1697 difficiliore
1162 1637 1508 1697 uterentur?
1544 1633 1555 1715 Ι
1592 1647 1694 1696 aut
1741 1637 1804 1696 in
1857 1637 2158 1696 auxilium-
2191 1637 2375 1713 plebis
2428 1647 2661 1697 creatos
2687 1660 2751 1711 30

260 1735 525 1795 tribunos
572 1733 805 1812 plebei?
889 1733 1052 1808 Quid
1093 1753 1130 1794 a
1174 1752 1360 1795 consu
1395 1734 1407 1813 Ι
1441 1734 1592 1826 libus
1635 1734 1713 1794 ad
1754 1734 2117 1795 decemviros
2162 1735 2503 1795 translatum
2550 1736 2660 1794 im·

262 1833 513 1910 perium,
542 1832 846 1911 solutoque
874 1841 1077 1910 postea
1110 1830 1123 1907 Ι
1158 1829 1521 1893 decemvirali
1558 1850 1744 1910 regno
1772 1831 1847 1891 ad
1874 1832 2141 1893 consules
2174 1849 2342 1910 rusus
2370 1833 2661 1893 reditum?

259 1928 421 2003 Quid
458 1930 521 1989 in
536 1931 645 2008 plu
680 1927 692 2011 Ι
727 1931 805 1990 ris
842 1930 1207 1991 distributum
1246 1930 1550 1991 consulare
1589 1930 1917 2008 imperium,
1945 1931 2321 2012 tribunosque
2357 1933 2603 1991 militum
2647 1936 2659 2008 Ι

258 2028 550 2089 consulari
604 2029 850 2106 imperio
903 2030 1240 2107 appellatos,
1285 2029 1388 2107 qui
1436 2029 1560 2089 seni
1615 2037 1680 2087 et
1729 2047 1904 2105 saepe
1957 2029 2158 2089 octoni
2211 2048 2444 2089 crearen
2482 2026 2492 2108 Ι
2528 2030 2659 2089 tur?
2685 2049 2748 2102 35

260 2124 420 2199 Quid
455 2127 920 2187 communicatos
960 2138 1257 2206 postremo
1301 2144 1437 2187 cum
1480 2127 1651 2205 plebe
1691 2125 1948 2187 bonores
1984 2144 2107 2186 non
2145 2127 2367 2206 imperii
2402 2123 2415 2209 Ι
2449 2127 2657 2200 solum,

260 2223 365 2283 sed
402 2224 859 2285 sacerdotiorum
894 2226 1173 2305 quoque?
1257 2226 1383 2286 Iam
1425 2224 1475 2284 si
1515 2242 1745 2284 narrem
1786 2225 1953 2296 bella,
1991 2242 2029 2284 a
2065 2225 2277 2303 quibus
2313 2221 2324 2304 Ι
2359 2226 2661 2304 coeperint

260 2316 512 2384 maiores
549 2323 748 2396 nostri,
778 2333 837 2383 et
869 2341 993 2404 quo
1019 2323 1492 2402 processerimus,
1521 2340 1742 2396 vereor,
1778 2340 1855 2382 ne
1891 2322 2074 2383 nimio
2110 2323 2122 2402 Ι
2157 2322 2493 2383 insolentior
2529 2341 2658 2383 esse

260 2420 472 2492 videar,
500 2430 559 2481 et
586 2422 882 2499 quaesisse
919 2421 1288 2483 iactationem
1324 2421 1542 2500 gloriae
1577 2439 1688 2500 pro
1725 2419 1741 2503 Ι
1769 2420 1868 2481 lati
1903 2420 2108 2501 imperi
2145 2421 2294 2482 ultra
2331 2420 2656 2483 Oceanum.

261 2515 377 2579 Sed
405 2517 541 2581 illoc
574 2519 771 2599 potius
797 2530 1061 2583 revertar.
1140 2518 1440 2582 Civitatem
1473 2516 1490 2604 Ι
2683 2525 2751 2578 40

1329 2744 1474 2807 Cot..
1522 2744 1604 2805 11.

338 2934 827 2956 .........
870 2888 2659 2977 isisanelnovo...DivusAug......no....i

259 3095 475 3157 Tullius,
498 3095 670 3162 prince
691 3095 752 3147 of
774 3095 883 3147 that
905 3097 1025 3162 city,
1047 3111 1105 3147 or
1124 3112 1155 3146 a
1182 3095 1334 3147 client
1357 3094 1419 3147 os
1576 3097 1641 3145 in
1672 3096 1885 3155 pluris:
1935 3094 2015 3145 for
2047 3093 2149 3144 this
2180 3092 2492 3145 distributive
2524 3093 2659 3145 soree

260 3161 578 3227 Tarqulnins,
607 3177 668 3212 or
698 3161 785 3212 the
819 3161 919 3212 Lar
947 3162 1008 3212 of
1034 3163 1121 3214 the
1152 3161 1325 3223 house,
1353 3177 1412 3213 or
1508 3159 1696 3213 of‘in'
1717 3177 1799 3212 see
1819 3166 1938 3211 note
1960 3175 2026 3210 on
2054 3172 2096 3210 ι.
2123 3175 2205 3225 55,
2230 3174 2274 3209 a.

258 3226 527 3277 Vulcanus.
570 3226 781 3278 SeeOv.
797 3228 897 3277 and
913 3228 1042 3278 Plin.
1059 3227 1116 3291 (1.
1132 3226 1218 3293 1.);
1254 3229 1408 3279 Dion.
1577 3241 1658 3292 35.
1692 3230 1817 3277 aeni
1856 3233 1916 3277 et
1952 3240 2120 3285 saepe
2163 3227 2375 3276 outoni.
2461 3225 2660 3290 During

260 3292 382 3342 Hal.
405 3308 457 3356 4.
486 3306 533 3353 1,
562 3292 662 3343 and
694 3293 839 3344 other
870 3293 1164 3344 authorities
1192 3293 1325 3345 cited
1357 3293 1409 3344 in
1510 3292 1719 3343 thelast
1738 3291 2054 3357 thirty-eight
2069 3306 2209 3356 years
2231 3291 2290 3341 of
2304 3290 2391 3340 the
2411 3290 2659 3342 existence

254 3358 324 3410 D.
348 3358 407 3408 of
426 3359 573 3423 Βίας.
1509 3358 1571 3408 of
1593 3358 1813 3423 military
1833 3358 2051 3408 tribunes
2071 3355 2196 3407 with
2214 3354 2445 3407 consular
2469 3370 2657 3422 power,

256 3427 375 3539 Thai
398 3426 635 3539 Tusco&
652 3427 891 3540 &Semne
909 3439 960 3489 4.
979 3422 1062 3488 65,
1090 3423 1251 3540 ιόιιιὶἰ
1273 3429 1410 3539 nege.
1508 3423 1639 3474 their
1678 3424 1890 3501 number
1941 3423 1984 3472 is
2030 3420 2280 3537 {egiullarly
2322 3423 2417 3476 six.
2471 3421 2659 3536 Lil'iight

258 3505 415 3605 bennae
404 3505 573 3618 m
611 3553 698 3605 the
731 3505 1007 3620 manino
1021 3504 1220 3605 ffmtfi
1235 3504 1302 3604 eis⁸
1336 3504 1410 3605 ιζ
1508 3502 2427 3618 ῗῖῗῖῧῖωειῖξῃίιοῖιῖρροιοᾶωειῖιῗῐτ
2495 3500 2659 3602 ονε-πῖ.)

434 3618 1411 3672 tedasbimselftbesettlerontbe
1507 3617 2491 3683 censor-smayhavebeeureckonedln.

361 3684 465 3735 lian
486 3691 677 3735 mount.
1573 3699 1657 3751 4ο.
1689 3688 1841 3735 ultra
1873 3687 2179 3744 Oceanum,
2207 3683 2274 3748 by
2304 3683 2389 3733 the
2420 3688 2659 3748 conquest

323 3763 402 3801 sot
437 3754 678 3810 reliquia
701 3771 746 3792 ¹-
769 3748 1065 3816 ‘reliquils'.
1507 3751 1568 3802 of
1617 3751 1822 3801 Britain.
1900 3748 2028 3798 This
2083 3751 2228 3801 boast
2281 3750 2325 3798 is
2378 3746 2662 3812 constantly

325 3829 403 3865 aa.
437 3819 821 3877 appomtatua,
852 3814 1149 3882 apparently
1180 3832 1246 3867 an
1276 3832 1411 3867 error
1507 3815 1729 3882 parsded
1762 3816 1813 3865 in
1845 3814 1932 3865 tbe
1962 3815 2213 3880 epigram
2243 3814 2303 3864 of
2327 3813 2416 3864 tbe
2445 3813 2659 3879 period:

256 3882 316 3931 of
340 3881 429 3932 tbe
460 3896 700 3947 etgraver
730 3882 807 3931 sor
842 3885 905 3931 ‘a
940 3880 1231 3947 pellitavit'.
1298 3883 1409 3933 Tbe
1506 3880 1797 3932 seelntrod.
1857 3916 1871 3929 .
1897 3893 2006 3943 130.
2088 3932 2094 3937 ,

255 3949 377 3997 verb
394 3948 437 3997 is
453 3948 573 3997 used
592 3948 658 4012 by
674 3946 917 4008 Tacitus(
937 3947 1098 4013 .1.)in
1118 3946 1199 3997 bis
1213 3948 1409 3999 version
1573 3950 1729 4010 moe,
1752 3896 1856 3997 olX
1874 3945 2002 3996 form
2034 3944 2095 3995 of
2126 3941 2325 4007 ‘illuc’,
2346 3941 2453 3994 like
2483 3940 2655 4008 ‘boe’,

255 4012 315 4063 of
331 4012 431 4063 this
450 4021 605 4077 story,
628 4012 728 4062 and
750 4013 816 4076 by
836 4013 961 4063 later
978 4013 1183 4063 writers.
1505 4015 1523 4042 ‘
1538 4012 1708 4063 istoc’.

321 4081 628 4129 last-arna.
671 4077 799 4127 This
813 4092 962 4128 name
981 4087 1114 4128 must
1134 4077 1262 4129 bave
1281 4077 1408 4130 been
1575 4081 1895 4129 olvit-asem.
1975 4074 2102 4126 This
2146 4089 2358 4190 pange
2411 4073 2661 4140 probably

253 4142 1408 4209 takenbyClaudiusfmmsomeTuscan
1505 4139 2329 4207 wentoutospeakoftepro
2514 4156 2657 4190 eex·

253 4210 452 4259 version
473 4209 733 4260 otherwise
754 4209 1002 4259 unknown
1026 4217 1082 4260 to
1103 4224 1177 4260 us.
1506 4208 1700 4259 tension
1734 4209 1791 4258 of
1824 4207 1910 4258 the
1943 4205 2174 4258 ‘civitas’
2207 4206 2305 4256 and
2338 4205 2399 4255 of
2426 4207 2512 4255 the
2543 4220 2658 4256 area

256 4286 715 4403 ..ἒέῐῗὶἷέῗζ
726 4274 923 4406 ’ΐῖξῗ”
936 4274 1152 4391 ἔξᾛῖ
1167 4271 1405 4391 ἰ’ἑῗὲἳ
1506 4271 2658 4404 ἰοὲὦὲἦιωειῖἶῖ”ρῖἕίῒδῗῖ”ἕηᾞ

256 4404 334 4454 ior
349 4408 364 4431 ‘
382 4420 574 4455 rursum
589 4404 603 4426 ’
621 4406 671 4455 iu
689 4376 766 4456 121.
785 4421 834 4471 3,
857 4376 1014 4468 ιὀοις
1045 4422 1097 4471 4,
1116 4419 1228 4470 333.
1272 4406 1408 4457 Such
1507 4406 1714 4456 Tadtus
1735 4410 1789 4454 at
1810 4419 1948 4454 some
1971 4402 2143 4468 length
2167 4402 2217 4468 (1
2229 4415 2272 4453 ι.
2298 4417 2374 4467 24,
2400 4401 2542 4465 2-4)·

257 4470 531 4521 archaisms
546 4486 673 4523 were
694 4486 759 4521 an
780 4471 1065 4523 affectation
1086 4471 1145 4522 of
1160 4471 1408 4524 Claudius
1576 4484 1624 4520 a.
1657 4472 1839 4522 Divus
1880 4472 2193 4527 Augustus.
2280 4468 2406 4518 This
2448 4476 2658 4533 passage

258 4535 360 4599 (see
383 4536 573 4588 Introd.
595 4552 647 4603 p.
669 4537 777 4604 37).
1505 4536 1753 4603 probably
1774 4534 2031 4588 described
2047 4535 2132 4587 tbe
2148 4533 2366 4602 practice
2387 4534 2448 4585 of
2461 4533 2660 4599 Augus·
